<?xml version="1.0" encoding="UTF-8"?><collection xmlns="http://www.loc.gov/MARC21/slim"><record><leader>00509nam--2200181-i-4500</leader><controlfield tag="001">000023617</controlfield><controlfield tag="002">20161230</controlfield><controlfield tag="005">20161230201035</controlfield><controlfield tag="008">060222s1000------------r-----000-0-ger-d</controlfield><datafield ind1=" " ind2=" " tag="040"><subfield code="a">IFIN-HH</subfield></datafield><datafield ind1=" " ind2=" " tag="041"><subfield code="a">ger</subfield></datafield><datafield ind1=" " ind2=" " tag="080"><subfield code="a">530.12</subfield></datafield><datafield ind1="1" ind2=" " tag="100"><subfield code="a">Isenkrahe, C</subfield></datafield><datafield ind1="1" ind2="0" tag="245"><subfield code="a">Zur elementaranalyse der relativitatstheorie.einleitung und vorstufen</subfield><subfield code="c">C. isenkrahe</subfield></datafield><datafield ind1=" " ind2=" " tag="260"><subfield code="a">Braunscheig</subfield><subfield code="b">Druck Und Verlag Von Frieder,Vieweg &amp; Sohn</subfield><subfield code="c">1921</subfield></datafield><datafield ind1=" " ind2=" " tag="300"><subfield code="a">133P</subfield></datafield><datafield ind1=" " ind2=" " tag="852"><subfield code="a">44586</subfield><subfield code="c">H.H</subfield></datafield><datafield ind1=" " ind2=" " tag="CAT"><subfield code="a">Sys</subfield><subfield code="c">20130412</subfield><subfield code="h">120046</subfield></datafield></record></collection>